% This file was created with JabRef 2.10.
% Encoding: Cp1252


@Article{Adams2002,
  Title                    = {Principal Component Analysis of
Dissolution Data with Missing Elements},
  Author                   = {E Adams and Walczak B and Vervaet C and Risha PG and Massart DL.},
  Journal                  = {International Journal of Pharmaceutics},
  Year                     = {2002},
  Pages                    = {169-178},
  Volume                   = {234},

  Owner                    = {umar waqas},
  Timestamp                = {2016.01.13}
}

@Article{Akter2014,
  Title                    = {AMMI Biplot Analysis for Stability of Grain Yield in Hybrid Rice},
  Author                   = {Anowara Akter and Jamil Hassan M and Umma Kulsum M and
 Islam MR 
and Kamal Hossain
 and Mamunur Rahman M},
  Journal                  = {Rice Research},
  Year                     = {2014},
  Pages                    = {2},
  Volume                   = {2},

  Owner                    = {umar waqas},
  Timestamp                = {2015.12.29}
}

@Article{Allard1964,
  Title                    = {Implications of Genotype-Environmental Interactions in Applied Plant Breeding},
  Author                   = {R. W. Allard and A. D. Bradshaw},
  Journal                  = {Crop Science},
  Year                     = {1964},
  Pages                    = {503-508},
  Volume                   = {4},

  Owner                    = {umar waqas},
  Timestamp                = {2016.01.10}
}

@Article{Annicchiarico1997,
  Title                    = {Joint regression vs AMMI analysis of genotype-environment interactions for cereals in Italy},
  Author                   = {P. Annicchiarico},
  Journal                  = {Euphytica},
  Year                     = {1997},
  Pages                    = {53-62},
  Volume                   = {94},

  Owner                    = {umar waqas},
  Timestamp                = {2015.12.31}
}

@Article{Bayes1763,
  Title                    = {An Essay Towards Solving a Problem in the Doctrine of
Chances},
  Author                   = {Thomas Bayes},
  Journal                  = {Philosophical Transactions of the Royal Society of London,},
  Year                     = {1763},
  Pages                    = {370-418},
  Volume                   = {53},

  Owner                    = {umar waqas},
  Timestamp                = {2016.01.13}
}

@Article{Becker1988,
  Title                    = {Stability Analysis in Plant Breeding},
  Author                   = {H. C. Becker and J. Leon},
  Journal                  = {Plant Breeding},
  Year                     = {1988},
  Pages                    = {1-23},
  Volume                   = {101},

  Owner                    = {umar waqas},
  Timestamp                = {2016.01.10}
}

@Article{Bradu1978,
  Title                    = {The Biplot as a Diagnostic Tool for Models Of Two-Way Tables},
  Author                   = {Dan Bradu and K. Ruben Gabriel},
  Journal                  = {Technometrics},
  Year                     = {1978},
  Pages                    = {47-68},
  Volume                   = {20},

  Owner                    = {umar waqas},
  Timestamp                = {2015.12.26}
}

@Article{Burguenoa2008,
  Title                    = {Using Factor Analytic Models for Joining Environments and Genotypes without Crossover Genotype $\time$ Environment Interaction},
  Author                   = {Juan Burguenoa and Jose Crossa and Paul L. Corneliusb and Rong-Cai Yang},
  Journal                  = {Crop Science},
  Year                     = {2008},
  Pages                    = {1291-1305},
  Volume                   = {4},

  Owner                    = {umar waqas},
  Timestamp                = {2016.01.14}
}

@Article{Campbell2005,
  Title                    = {Assessment of genotype $\time$ environment interactions for yield and fiber quality in cotton performance trials},
  Author                   = {B. T. Campbell and M. A. Jones},
  Journal                  = {Euphytica},
  Year                     = {2005},
  Pages                    = {69-78},
  Volume                   = {144},

  Owner                    = {umar waqas},
  Timestamp                = {2015.12.23}
}

@Article{Castillo2012,
  Title                    = {ADAPTABILITY AND GENOTYPE $\times$ ENVIRONMENT INTERACTION OF
SPRING WHEAT CULTIVARS IN CHILE USING REGRESSION ANALYSIS,
AMMI, AND SREG},
  Author                   = {Dalma Castillo and Iván Matus and Alejandro del Pozo and Ricardo Madariaga and Mario Mellado},
  Journal                  = {CHILEAN JOURNAL OF AGRICULTURAL RESEARCH},
  Year                     = {2012},
  Pages                    = {167 - 174},
  Volume                   = {72},

  Owner                    = {umar waqas},
  Timestamp                = {2016.01.04}
}

@Article{Chib1995,
  Title                    = {Marginal Likelihood From the Gibbs Output},
  Author                   = {Siddhartha Chib},
  Journal                  = {Journal of the American Statistical Association},
  Year                     = {1995},
  Pages                    = {1313-1321},
  Volume                   = {90},

  Owner                    = {umar waqas},
  Timestamp                = {2015.12.21}
}

@Article{Cornelius1992,
  Title                    = {Using the Shifted Multiplicative Model to Search for
‘Separability’ in Crop Cultivar Trials},
  Author                   = {P. L. Cornelius and M. Seyedsadr and J. Crossa},
  Journal                  = {Theoretical and Applied Genetics},
  Year                     = {1992},
  Pages                    = {161-172},
  Volume                   = {84},

  Owner                    = {umar waqas},
  Timestamp                = {2015.12.21}
}

@Article{Crossa1990,
  Title                    = {Additive Main Effects and Multiplicative Interaction Analysis of Two International Maize Cultivar Trials},
  Author                   = {J. Crossa and H. G. Gauch and Richard W. Zobel},
  Journal                  = {Crop S},
  Year                     = {1990},
  Pages                    = {493-500},
  Volume                   = {30},

  Owner                    = {umar waqas},
  Timestamp                = {2015.12.31}
}

@Article{Crossa2011,
  Title                    = {Bayesian Estimation of the Additive Main Eff ects
and Multiplicative Interaction Model},
  Author                   = {José Crossa and Sergio Perez-Elizalde and Diego Jarquin and José Miguel Cotes and Kert Viele and
Genzhou Liu and Paul L. Cornelius},
  Journal                  = {CROP SCIENCE},
  Year                     = {2011},
  Pages                    = {1458-1469},
  Volume                   = {51},

  Owner                    = {umar waqas},
  Timestamp                = {2016.01.03}
}

@Article{Crossa2004,
  Title                    = {Studying Crossover Genotype $\times$ Environment Interaction Using Linear-Bilinear Models and
Mixed Models},
  Author                   = {José Crossa and Rong-Cai Yang and Paul L. Cornelius},
  Journal                  = {Journal of Agricultural , Biological, and Environmental Statistics},
  Year                     = {2004},
  Pages                    = {362-380},
  Volume                   = {9},

  Owner                    = {umar waqas},
  Timestamp                = {2015.09.07}
}

@Article{Denis1996,
  Title                    = {Asymptotic Confidence Regions for Biadditive Models: Interpreting Genotype- Environment
Interactions},
  Author                   = {Jean-Baptiste Denis and John C. Gower},
  Journal                  = {Journal of the Royal Statistical Society. Series C (Applied Statistics)},
  Year                     = {1996},
  Pages                    = {479-493},
  Volume                   = {45},

  Owner                    = {umar waqas},
  Timestamp                = {2015.09.08}
}

@Article{Dias2003,
  Title                    = {Model Selection and Cross Validation in Additive Main Effect
and Multiplicative Interaction Models},
  Author                   = {Carlos T. dos Dias and Wojtek J. Krzanowski},
  Journal                  = {CROP SCIENCE},
  Year                     = {2003},
  Pages                    = {865-873},
  Volume                   = {43},

  Owner                    = {umar waqas},
  Timestamp                = {2016.01.14}
}

@Article{Ebdon2002,
  Title                    = {Additive Main Effect and Multiplicative Interaction Analysis of National Turfgrass Performance Trials},
  Author                   = {J. S. Ebdon and H. G. Gauch},
  Journal                  = {Crop Science},
  Year                     = {2002},
  Pages                    = {497-506},
  Volume                   = {42},

  Owner                    = {umar waqas},
  Timestamp                = {2016.01.07}
}

@Article{Edwards2006,
  Title                    = {Bayesian Modeling of Heterogeneous Error and Genotype $\times$ Environment
Interaction Variances},
  Author                   = {Jode W. Edwards and Jean-Luc Jannink},
  Journal                  = {Crop Sci.},
  Year                     = {2006},
  Pages                    = {820-833},
  Volume                   = {46},

  Owner                    = {umar waqas},
  Timestamp                = {2016.01.13}
}

@Article{Farshadfar2008,
  Title                    = {Incorporation of AMMI stability value and grain yield in a single non-parametric index (GSI) in bread wheat},
  Author                   = {E Farshadfar},
  Journal                  = {Pak J Biol Scince},
  Year                     = {2008},
  Pages                    = {1791-1796},
  Volume                   = {11},

  Owner                    = {umar waqas},
  Timestamp                = {2016.01.12}
}

@Article{Forkman2013,
  Title                    = {Performance of empirical BLUP and Bayesian prediction in small randomized complete block experiments},
  Author                   = {Johannes Forkman and H-P. PIEPHO},
  Journal                  = {The Journal of Agricultural Science},
  Year                     = {2013},
  Pages                    = {381-395},
  Volume                   = {151},

  Owner                    = {umar waqas},
  Timestamp                = {2015.09.08}
}

@Article{GABRIEL1971,
  Title                    = {The biplot graphic display of matrices with application to
principal component analysis},
  Author                   = {K. R. Gabriel},
  Journal                  = {Biometrika},
  Year                     = {1971},
  Pages                    = {453-467},
  Volume                   = {58},

  Owner                    = {umar waqas},
  Timestamp                = {2015.12.28}
}

@Article{Gabriel1979,
  Title                    = {Lower Rank Approximation ofMatrices by Least Squares with Any Choice
of Weights},
  Author                   = {K. Ruben Gabriel and Shmuel Zamir},
  Journal                  = {Technometrics},
  Year                     = {1979},
  Pages                    = {489-498},
  Volume                   = {21},

  Owner                    = {umar waqas},
  Timestamp                = {2016.01.13}
}

@Article{Gauch2006,
  Title                    = {Statistical Analysis of Yield Trials by AMMI and GGE},
  Author                   = {Hugh G. Gauch},
  Journal                  = {Crop Science},
  Year                     = {2006},
  Pages                    = {1488-1500},
  Volume                   = {46},

  Owner                    = {umar waqas},
  Timestamp                = {2015.12.29}
}

@Article{Gauch1997,
  Title                    = {Identifying Mega-Environments and Targeting Genotypes},
  Author                   = {Hugh G. Gauch and Richard W. Zobel},
  Journal                  = {Crop Science},
  Year                     = {1997},
  Pages                    = {311-326},
  Volume                   = {37},

  Owner                    = {umar waqas},
  Timestamp                = {2016.01.13}
}

@Article{Gauch1990,
  Title                    = {Imputing Missing Yield Trial Data},
  Author                   = {Hugh G. Gauch and Richard W. Zobel},
  Journal                  = {Theoretical and Applied Genetics},
  Year                     = {1990},
  Pages                    = {753-761},
  Volume                   = {79},

  Owner                    = {umar waqas},
  Timestamp                = {2016.01.13}
}

@Article{Gauch1988,
  Title                    = {Predictive and postdictive success of statistical
analyses of yield trials},
  Author                   = {Hugh G. Gauch and Richard W. Zobel},
  Journal                  = {THEORETICAL AND APPLIED GENETICS},
  Year                     = {1988},
  Pages                    = {1-10},
  Volume                   = {76},

  Owner                    = {umar waqas},
  Timestamp                = {2015.12.31}
}

@Book{Gelman2004,
  Title                    = {Bayesian Data Analysis},
  Author                   = {Andrew Gelman and John B. Carlin and Hal S. Stern and Donald B. Rubin},
  Publisher                = {CHAPMAN \& HALL/CRC},
  Year                     = {2004},

  Owner                    = {umar waqas},
  Timestamp                = {2015.09.08}
}

@Article{Gelman1992,
  Title                    = {Inference from Iterative Simulation Using Multiple Sequences},
  Author                   = {Andrew Gelman and Donald B. Rubin},
  Journal                  = {Statistical Science},
  Year                     = {1992},
  Pages                    = {457-472},
  Volume                   = {4},

  Owner                    = {umar waqas},
  Timestamp                = {2016.01.09}
}

@Article{Glickman2007,
  Title                    = {Basic Bayesian Methods},
  Author                   = {Mark E. Glickman and David A. van Dyk},
  Journal                  = {Topics in Biostatistics},
  Year                     = {2007},
  Pages                    = {319-338},
  Volume                   = {2007},

  Owner                    = {umar waqas},
  Timestamp                = {2016.01.09}
}

@Article{GOLLOB1968,
  Title                    = {A Statistical Model Which Combines Features of Factor Analytic and Analysis of Variance},
  Author                   = {HARRY F. GOLLOB},
  Journal                  = {Psychometrika},
  Year                     = {1968},
  Pages                    = {73-115},
  Volume                   = {33},

  Owner                    = {umar waqas},
  Timestamp                = {2015.12.21}
}

@Article{Hegemann1976,
  Title                    = {On Analyzing Two-Way AoV Data with Interaction},
  Author                   = {Victor Hegemann and Dallas E. Johnson},
  Journal                  = {Technometrics},
  Year                     = {1976},
  Pages                    = {273-281},
  Volume                   = {18},

  Owner                    = {umar waqas},
  Timestamp                = {2015.12.26}
}

@Article{Herz1955,
  Title                    = {Bessel Functions of Matrix Argument},
  Author                   = {Carl S. Herz},
  Journal                  = {Annals of Mathematics},
  Year                     = {1955},
  Pages                    = {474-523},
  Volume                   = {61},

  Owner                    = {umar waqas},
  Timestamp                = {2015.12.21}
}

@Article{Hoff2007,
  Title                    = {Model Averaging and Dimension Selection for the Singular Value Decomposition},
  Author                   = {Peter D Hoff},
  Journal                  = {Journal of the American Statistical Association},
  Year                     = {2007},
  Pages                    = {675-684},
  Volume                   = {102},

  Owner                    = {umar waqas},
  Timestamp                = {2016.01.10}
}

@Article{James1964,
  Title                    = {Distributions of Matrix Variates and Latent Roots Derived From Normal Samples},
  Author                   = {Alan T. James},
  Journal                  = {Annals of Mathematical Statistics},
  Year                     = {1964},
  Pages                    = {475-501},
  Volume                   = {35},

  Owner                    = {umar waqas},
  Timestamp                = {2015.12.21}
}

@Article{Jarquin2011,
  Title                    = {Bayesian estimation of the additive main effects and multiplicative interaction model},
  Author                   = {Diego Jarquin and Jose Crossa and Sergio PEREZ-ELIZALDE and Jose Miguel Cotes and Kert Viele and Genzhou Liu and Paul L. Cornelius},
  Journal                  = {Crop Science},
  Year                     = {2011},
  Pages                    = {1458-1469},
  Volume                   = {51},

  Owner                    = {umar waqas},
  Timestamp                = {2015.12.21}
}

@Book{Jeffreys1961,
  Title                    = {Theory of Probability,},
  Author                   = {Harold Jeffreys},
  Publisher                = {Oxford: Clarendon Press},
  Year                     = {1961},

  Owner                    = {umar waqas},
  Timestamp                = {2015.12.21}
}

@Article{Johansson2003,
  Title                    = {Influences of cultivar, cultivation year and fertilizer rate on amount of protein groups and amount and size distribution of
mono and polymeric proteins in wheat.},
  Author                   = {E. Johansson and M. L. Prieto-Linde and G. Svensson and J. O. Jonsson},
  Journal                  = {The Journal of Agricultural Science},
  Year                     = {2003},
  Pages                    = {275-284},
  Volume                   = {140},

  Owner                    = {umar waqas},
  Timestamp                = {2016.01.11}
}

@Article{Johnson1972,
  Title                    = {An Analysis of a Two-Way Model with Interaction and No Replication},
  Author                   = {Dallas E. Johnson and Franklin A. Graybill},
  Journal                  = {Journal of the American Statistical Association},
  Year                     = {1972},
  Pages                    = {862-868},
  Volume                   = {67},

  Owner                    = {umar waqas},
  Timestamp                = {2015.12.21}
}

@Article{JOSSE2014,
  Title                    = {Another Look at Bayesian Analysis of AMMI
Models for Genotype-Environment Data},
  Author                   = {Julie JOSSE and Fred van EEUWIJK and Hans-Peter PIEPHO and
Jean-Baptiste DENIS},
  Journal                  = {Journal of Agricultural, Biological, and Environmental Statistics},
  Year                     = {2014},
  Pages                    = {240-257},
  Volume                   = {19},

  Owner                    = {umar waqas},
  Timestamp                = {2015.09.08}
}

@Article{Josse2011,
  Title                    = {Multiple Imputation in PCA},
  Author                   = {Julie Josse and Jerome Pages and Francois Husson},
  Journal                  = {Advances in Data Analysis and Classification},
  Year                     = {2011},
  Pages                    = {231-246},
  Volume                   = {5},

  Owner                    = {umar waqas},
  Timestamp                = {2016.01.13}
}

@Article{KAYA2002,
  Title                    = {Additive Main Effects and Multiplicative Interactions Analysis of
Yield Performances in Bread Wheat Genotypes across Environments},
  Author                   = {Yuksel KAYA and Cetin PALTA and Seyfi TANER},
  Journal                  = {Turk J Agric For},
  Year                     = {2002},
  Pages                    = {275-279},
  Volume                   = {26},

  Owner                    = {umar waqas},
  Timestamp                = {2015.12.28}
}

@Article{Kempton1984,
  Title                    = {The use of biplots in interpreting variety by environment interactions},
  Author                   = {R. A. Kempton},
  Journal                  = {The Journal of Agricultural Science},
  Year                     = {1984},
  Pages                    = {123-135},
  Volume                   = {103},

  Owner                    = {umar waqas},
  Timestamp                = {2015.12.28}
}

@Article{Khatri1977,
  Title                    = {The von Mises–Fisher Matrix Distribution in Orientation Statistics},
  Author                   = {C. G. Khatri and K. V. Mardia},
  Journal                  = {Journal of the Royal Statistical Society. Series B (Methodological)},
  Year                     = {1977},
  Pages                    = {95-106},
  Volume                   = {39},

  Owner                    = {umar waqas},
  Timestamp                = {2015.12.21}
}

@Article{Kiers1997,
  Title                    = {Weighted Least Squares Fitting Using Ordinary Least Squares Algorithms},
  Author                   = {Henk A. L. Kiers},
  Journal                  = {Psychometrika},
  Year                     = {1997},
  Pages                    = {251-266},
  Volume                   = {62},

  Owner                    = {umar waqas},
  Timestamp                = {2016.01.13}
}

@Article{KOEV2006,
  Title                    = {The Efficient Evaluation of the Hypergeometric Function of a Matrix Argument},
  Author                   = {PLAMEN KOEV AND ALAN EDELMAN},
  Journal                  = {Mathematics of Computation},
  Year                     = {2006},
  Pages                    = {833-845},
  Volume                   = {75},

  Owner                    = {umar waqas},
  Timestamp                = {2015.12.21}
}

@Article{Krzanowski1987,
  Title                    = {Some exact percentage points of a statistic useful in analysis of variance and principal component analysis},
  Author                   = {Wojtek J. Krzanowski},
  Journal                  = {Technometrics},
  Year                     = {1987},
  Pages                    = {261-263},
  Volume                   = {21},

  Owner                    = {umar waqas},
  Timestamp                = {2016.01.14}
}

@Article{Lett2007,
  Title                    = {Genotype-environment interactions and correlation among some stability parameters of yield in durum wheat (Triticum durum Desf) genotypes grown in South East Ethiopia},
  Author                   = {T. Letta},
  Journal                  = {African Crop Science Conference Proceeding},
  Year                     = {2007},
  Pages                    = {693-698},
  Volume                   = {8},

  Owner                    = {umar waqas},
  Timestamp                = {2015.12.22}
}

@Article{Magari1993,
  Title                    = {Genotype selection via a new yield-stability statistic in maize yield trials},
  Author                   = {Robert Magari and Manjit S. Kang},
  Journal                  = {Euphytica},
  Year                     = {1993},
  Pages                    = {105-111},
  Volume                   = {70},

  Owner                    = {umar waqas},
  Timestamp                = {2016.01.10}
}

@Article{Mandel1971,
  Title                    = {A New Analysis of Variance Model for Non-Additive Data},
  Author                   = {John Mandel},
  Journal                  = {Technometrics},
  Year                     = {1971},
  Pages                    = {1-8},
  Volume                   = {13},

  Owner                    = {umar waqas},
  Timestamp                = {2015.12.17}
}

@Article{Marasinghe1985,
  Title                    = {Asymptotic tests and monte carlo studies associated with the multiplicative interaction model},
  Author                   = {Mervyn G. Marasinghe},
  Journal                  = {Communications in Statistics - Theory and Methods},
  Year                     = {1985},
  Pages                    = {2219-2231},
  Volume                   = {14},

  Owner                    = {umar waqas},
  Timestamp                = {2015.12.17}
}

@Book{Milliken1989,
  Title                    = {Analysis of Messy Data, Volume II: Nonreplicated Experiments},
  Author                   = {George A. Milliken and Dallas E. Johnson},
  Publisher                = {New York: Van Nostrand-Reinhold.},
  Year                     = {1989},

  Owner                    = {umar waqas},
  Timestamp                = {2015.12.26}
}

@Article{Mohamed2013,
  Title                    = {Additive main effects and multiplicative interaction
(AMMI) and GGE-biplot analysis of genotype $\times$
environment interactions for grain yield in bread wheat
(Triticum aestivum L.)},
  Author                   = {Naheif E. M. Mohamed and Alaa A. Said and Karam A. Amein},
  Journal                  = {African Journal of Agricultural
Research},
  Year                     = {2013},
  Pages                    = {5197-5203},
  Volume                   = {8},

  Owner                    = {umar waqas},
  Timestamp                = {2015.09.08}
}

@Article{Mujahid2011,
  Title                    = {GGE BIPLOT ANALYSIS OF ADVANCED BREAD WHEAT
LINES ACROSS DIFFERENT SITES OF PAKISTAN},
  Author                   = {M. YAQUB Mujahid and
and ZAHEER AHMAD and M. ASHRAF and M. ANWAR KHAN and
M. ASIF AND MAQSOOD QAMAR},
  Journal                  = {Pak. J. Bot},
  Year                     = {2011},
  Pages                    = {293-299},
  Volume                   = {43},

  Owner                    = {umar waqas},
  Timestamp                = {2015.12.29}
}

@Article{Negash2013,
  Title                    = {Additive main effects and multiplicative interactions
model (AMMI) and genotype main effect and genotype
by environment interaction (GGE) biplot analysis of
multi-environmental wheat variety trials},
  Author                   = {Asnake Worku Negash
and Henry Mwambi
and Temesgen Zewotir
and Girma Taye},
  Journal                  = {African Journal of Agricultural
Research},
  Year                     = {2013},
  Pages                    = {1033-1040},
  Volume                   = {8},

  Owner                    = {umar waqas},
  Timestamp                = {2015.12.29}
}

@Article{Nounou2002,
  Title                    = {Bayesian principal component analysis},
  Author                   = {Mohamed N. Nounou and Bhavik R. Bakshi and
Prem K. Goel and Xiaotong Shen},
  Journal                  = {Journal of chemometrics},
  Year                     = {2002},
  Pages                    = {576-595},
  Volume                   = {16},

  Owner                    = {umar waqas},
  Timestamp                = {2015.09.08}
}

@Article{PEREZ-ELIZALDE2011,
  Title                    = {A General Bayesian Estimation Method
of Linear–Bilinear Models Applied to Plant
Breeding TrialsWith Genotype $\times$
Environment Interaction},
  Author                   = {Sergio PEREZ-ELIZALDE and Diego JARQUIN and Jose CROSSA},
  Journal                  = {Journal of Agricultural, Biological, and Environmental Statistics},
  Year                     = {2011},
  Pages                    = {15-37},
  Volume                   = {17},

  Owner                    = {umar waqas},
  Timestamp                = {2015.09.08}
}

@Article{Peterson1992,
  Title                    = {Genotype and Environment Effects on Quality Characteristics of Hard Red Winter Wheat},
  Author                   = {C. J. Peterson and R. A. Graybosch and P. S. Baenziger and A. W. Grombacher},
  Journal                  = {Crop Science},
  Year                     = {1992},
  Pages                    = {98-103},
  Volume                   = {32},

  Owner                    = {umar waqas},
  Timestamp                = {2016.01.11}
}

@PhdThesis{Purchase1997,
  Title                    = {Parametric analysis to describe genotyperenvironment
interaction and yield stability in winter
wheat},
  Author                   = {John Luscombe Purchase},
  School                   = {Thesis, Department of Agronomy, Faculty
of Agriculture of the University of the Free State,
Bloemfontein, South Africa},
  Year                     = {1997},

  Owner                    = {umar waqas},
  Timestamp                = {2016.01.11}
}

@Manual{R2015,
  Title                    = {R: A Language and Environment for Statistical Computing},

  Address                  = {Vienna, Austria},
  Author                   = {Core Team R},
  Note                     = {{ISBN} 3-900051-07-0},
  Organization             = {R Foundation for Statistical Computing},
  Year                     = {2015},

  Owner                    = {umar waqas},
  Timestamp                = {2015.12.28},
  Url                      = {http://www.R-project.org}
}

@Article{Rad2013,
  Title                    = {Genotype $\times$ environment interaction by AMMI and GGE biplot analysis in three consecutive generations of wheat under normal and drought stress conditions},
  Author                   = {M.R. Naroui Rad and M. Abdul Kadir and M.Y. Rafii and Hawa Z.E. Jaafar and M.R.Naghavi and Farzaneh Ahmadi},
  Journal                  = {Australasian Journal of Crop Science},
  Year                     = {2013},
  Pages                    = {956-961},
  Volume                   = {7},

  Owner                    = {umar waqas},
  Timestamp                = {2015.12.30}
}

@InProceedings{Raftery1995,
  Title                    = {The Number of Iterations, Convergence Diagnostics and Generic Metropolis Algorithms},
  Author                   = {Adrian E. Raftery and Steven M. Lewis},
  Booktitle                = {In Practical Markov Chain Monte Carlo (W.R. Gilks, D.J. Spiegelhalter},
  Year                     = {1995},
  Pages                    = {115-130},
  Publisher                = {Chapman and Hall},

  Owner                    = {umar waqas},
  Timestamp                = {2016.01.09}
}

@Article{Rasul2007,
  Title                    = {COMPARISON OF SAFETY- FIRST RULE AND CLUSTER ANALYSIS FOR
EVALUATING WHEAT GENOTYPES WITH SIGNIFICANT GENOTYPEENVIRONMENT
INTERACTION},
  Author                   = {Sajid Rasul and M. Inayat Khan and M. Aqil Khan},
  Journal                  = {Pak. J. Agri. Sci.},
  Year                     = {2007},
  Pages                    = {4},
  Volume                   = {44},

  Owner                    = {umar waqas},
  Timestamp                = {2015.09.08}
}

@Article{Rodrigues2015,
  Title                    = {A Robust AMMI model for the analysis of
genotype-by-environment data},
  Author                   = {Paulo C. Rodrigues and Andreia Monteiro and Vanda M. Lourenco},
  Journal                  = {Bioinformatics},
  Year                     = {2015},

  Owner                    = {umar waqas},
  Timestamp                = {2016.01.12}
}

@Article{Sadeghi2011,
  Title                    = {Additive main effects and multiplicative interactions
(AMMI) analysis of dry leaf yield in tobacco hybrids
across environments},
  Author                   = {S. M. Sadeghi and H. Samizadeh and E. Amiri and M. Ashouri},
  Journal                  = {African Journal of Biotechnology},
  Year                     = {2011},
  Pages                    = {4358-4364},
  Volume                   = {10},

  Owner                    = {umar waqas},
  Timestamp                = {2015.12.31}
}

@Article{Schott1986,
  Title                    = {A note on the critical values used in stepwise tests for multiplicative components of interaction},
  Author                   = {James R. Schott},
  Journal                  = {Communications in Statistics - Theory and Methods},
  Year                     = {1986},
  Pages                    = {1561-1570},
  Volume                   = {15},

  Owner                    = {umar waqas},
  Timestamp                = {2015.12.21}
}

@Article{Schulthessa2013,
  Title                    = {Genotypic and environmental factors and their interactions
determine semolina color of elite genotypes of durum wheat (Triticum
turgidum L. var. durum) grown in different environments of Chile},
  Author                   = {A. Schulthessa and I. Matusb and A.R. Schwembera},
  Journal                  = {Field Crops Research},
  Year                     = {2013},
  Pages                    = {234-244},
  Volume                   = {149},

  Owner                    = {umar waqas},
  Timestamp                = {2015.12.30}
}

@Article{Shafii1998,
  Title                    = {Analysis of Genotype-by-Environment Interaction Using the Additive Main Effects andMultiplicative Interaction Model and Stability Estimates},
  Author                   = {Bahman Shafii and William J. Price},
  Journal                  = {Journal of Agricultural, Biological, and Environmental Statistics},
  Year                     = {1998},
  Pages                    = {335-345},
  Volume                   = {3},

  Owner                    = {umar waqas},
  Timestamp                = {2015.09.08}
}

@Article{Silva2015,
  Title                    = {A Bayesian Shrinkage Approach for AMMI
Models},
  Author                   = {Carlos Pereira da Silva and Luciano Antonio de Oliveira and Joel Jorge Nuvunga and Andrezza Kellen Alves Pamplona and Marcio Balestre},
  Journal                  = {PLOS ONE},
  Year                     = {2015},
  Pages                    = {1-27},
  Volume                   = {10},

  Owner                    = {umar waqas},
  Timestamp                = {2016.01.13}
}

@Article{Simdl2007,
  Title                    = {On Bayesian principal component analysis},
  Author                   = {Valcave Simdl and Anthony Quinnb},
  Journal                  = {Computational Statistics \& Data Analysis},
  Year                     = {2007},
  Pages                    = {4101-4123},
  Volume                   = {51},

  Owner                    = {umar waqas},
  Timestamp                = {2016.01.10}
}

@Article{Simmonds1962,
  Title                    = {VARIABILITY IN CROP PLANTS, ITS USE AND CONSERVATION},
  Author                   = {N. W. Simmonds},
  Journal                  = {Biological Reviews},
  Year                     = {1962},
  Pages                    = {422-465},
  Volume                   = {37},

  Owner                    = {umar waqas},
  Timestamp                = {2016.01.13}
}

@Article{Tolessa2013,
  Title                    = {GenoGeno $\tim$\t Environment InteraInter and PerformPerf stability for Grain Yield in Field Pea Genotypes},
  Author                   = {Tamene T. Tolessa and Gamechu Keneni and Tadesa Sefera and Mussa Jarso and Yeneneh Bekele},
  Journal                  = {International Journal of plant breeding},
  Year                     = {2013},
  Pages                    = {116-123},
  Volume                   = {7},

  Owner                    = {umar waqas},
  Timestamp                = {2016.01.03}
}

@Article{Uhlen1998,
  Title                    = {Effects of Cultivar and Temperature During Grain Filling on Wheat
Protein Content, Composition, and Dough Mixing Properties},
  Author                   = {A. K. Uhlen and R. Hafskjold and
 A.-H. Kalhovd and
 S. Sahlstrom and
 A. Longva and
 and E. M. Magnus3},
  Journal                  = {CEREAL CHEMISTRY},
  Year                     = {1998},
  Pages                    = {460-465},
  Volume                   = {75},

  Owner                    = {umar waqas},
  Timestamp                = {2016.01.11}
}

@Article{Vargas1999,
  Title                    = {Using Partial Least Squares Regression, Factorial Regression, and AMMI Models for Interpreting Genotype $\times$ Environment Interaction},
  Author                   = {Mateo Vargas and José Crossa and Fred A. van Eeuwijk and Martha E. Ramírez and Ken Sayre},
  Journal                  = {Crop Science},
  Year                     = {1999},
  Pages                    = {955-967},
  Volume                   = {39},

  Owner                    = {umar waqas},
  Timestamp                = {2016.01.07}
}

@Article{Viele2000,
  Title                    = {Parsimonious estimation of multiplicative interaction in analysis of variance using Kullback-Leibler Information},
  Author                   = {Kert Viele and C. Srinivasan},
  Journal                  = {Journal of Statistical Planning and Inference},
  Year                     = {2000},
  Pages                    = {201-219},
  Volume                   = {84},

  Owner                    = {umar waqas},
  Timestamp                = {2015.09.08}
}

@Article{Yan2000,
  Title                    = {Cultivar Evaluation and Mega-Environment Investigation Based on the GGE Biplot},
  Author                   = {Weikai Yan and L.A. Hunt and Qinglai Sheng and Zorka Szlavnics},
  Journal                  = {Crop},
  Year                     = {2000},
  Pages                    = {597-605},
  Volume                   = {40},

  Owner                    = {umar waqas},
  Timestamp                = {2015.12.28}
}

@Article{Yan2005,
  Title                    = {An Integrated Biplot Analysis System for Displaying, Interpreting, and
Exploring Genotype $\times$$Environment Interaction},
  Author                   = {Weikai Yan and Nicholas A. Tinker},
  Journal                  = {Crop Science},
  Year                     = {2005},
  Pages                    = {1004-1016},
  Volume                   = {45},

  Owner                    = {umar waqas},
  Timestamp                = {2015.09.08}
}

@Article{Yang2009,
  Title                    = {Biplot Analysis of Genotype $\times$ Environment
Interaction: Proceed with Caution},
  Author                   = {Rong-Cai Yang and Jose Crossa and Paul L. Cornelius and Juan Burgueño},
  Journal                  = {Crop Science},
  Year                     = {2009},
  Pages                    = {1564-1576},
  Volume                   = {49},

  Owner                    = {umar waqas},
  Timestamp                = {2016.01.09}
}

@Article{Zali2012,
  Title                    = {Evaluation of genotype$\times$ environment interaction in chickpea using measures
of stability from AMMI model},
  Author                   = {Hassan Zali and Ezatollah Farshadfar and Sayed Hosein Sabaghpour and Rahmatollah
Karimizadeh},
  Journal                  = {Annals of Biological Research},
  Year                     = {2012},
  Pages                    = {3126-3136},
  Volume                   = {3},

  Owner                    = {umar waqas},
  Timestamp                = {2015.12.22}
}

@Article{Zobel1988,
  Title                    = {Statistical Analysis of a Yield Trial},
  Author                   = {Richard W. Zobel and Madison J. Wright and Hugh G. Gauch},
  Journal                  = {Agronomy Journal},
  Year                     = {1988},
  Pages                    = {388-393},
  Volume                   = {80},

  Owner                    = {umar waqas},
  Timestamp                = {2015.12.21}
}

